@misc{huot2020correctness,
  title={Correctness of Automatic Differentiation via Diffeologies and Categorical Gluing},
  author={Mathieu Huot and Sam Staton and Matthijs Vákár},
  year={2020},
  eprint={2001.02209},
  archivePrefix={arXiv},
  primaryClass={cs.PL}
}
@article{Sozeau2019,
  doi = {10.1145/3341690},
  url = {https://doi.org/10.1145/3341690},
  year = {2019},
  month = jul,
  publisher = {Association for Computing Machinery ({ACM})},
  volume = {3},
  number = {{ICFP}},
  pages = {1--29},
  author = {Matthieu Sozeau and Cyprien Mangin},
  title = {Equations reloaded: high-level dependently-typed functional programming and proving in Coq},
  journal = {Proceedings of the {ACM} on Programming Languages}
}
@incollection{Sozeau2010,
  doi = {10.1007/978-3-642-14052-5_29},
  url = {https://doi.org/10.1007/978-3-642-14052-5_29},
  year = {2010},
  publisher = {Springer Berlin Heidelberg},
  pages = {419--434},
  author = {Matthieu Sozeau},
  title = {Equations: A Dependent Pattern-Matching Compiler},
  booktitle = {Interactive Theorem Proving}
}
@article{Baydin2015AutomaticDI,
  title={Automatic Differentiation in Machine Learning: a Survey},
  author={Atilim Gunes Baydin and Barak A. Pearlmutter and Alexey Radul and Jeffrey Mark Siskind},
  journal={J. Mach. Learn. Res.},
  year={2015},
  volume={18},
  pages={153:1-153:43}
}
@article{Coquand1988,
  doi = {10.1016/0890-5401(88)90005-3},
  url = {https://doi.org/10.1016/0890-5401(88)90005-3},
  year = {1988},
  month = feb,
  publisher = {Elsevier {BV}},
  volume = {76},
  number = {2-3},
  pages = {95--120},
  author = {Thierry Coquand and G{\'{e}}rard Huet},
  title = {The calculus of constructions},
  journal = {Information and Computation}
}
@article{Hinze2004,
  doi = {10.1016/j.scico.2003.07.001},
  url = {https://doi.org/10.1016/j.scico.2003.07.001},
  year = {2004},
  month = may,
  publisher = {Elsevier {BV}},
  volume = {51},
  number = {1-2},
  pages = {117--151},
  author = {Ralf Hinze and Johan Jeuring and Andres L\"{o}h},
  title = {Type-indexed data types},
  journal = {Science of Computer Programming}
}
@InProceedings{10.1007/3-540-52335-9_47,
  author="Coquand, Thierry and Paulin, Christine",
  editor="Martin-L{\"o}f, Per and Mints, Grigori",
  title="Inductively defined types",
  booktitle="COLOG-88",
  year="1990",
  publisher="Springer Berlin Heidelberg",
  address="Berlin, Heidelberg",
  pages="50--66",
  isbn="978-3-540-46963-6"
}
@incollection{Coquand1990,
  doi = {10.1007/3-540-52335-9_47},
  url = {https://doi.org/10.1007/3-540-52335-9_47},
  year = {1990},
  publisher = {Springer Berlin Heidelberg},
  pages = {50--66},
  author = {Thierry Coquand and Christine Paulin},
  title = {Inductively defined types},
  booktitle = {{COLOG}-88}
}
@incollection{Sozeau2008,
  doi = {10.1007/978-3-540-71067-7_23},
  url = {https://doi.org/10.1007/978-3-540-71067-7_23},
  year = {2008},
  publisher = {Springer Berlin Heidelberg},
  pages = {278--293},
  author = {Matthieu Sozeau and Nicolas Oury},
  title = {First-Class Type Classes},
  booktitle = {Lecture Notes in Computer Science}
}
@incollection{Mahboubi2013,
  doi = {10.1007/978-3-642-39634-2_5},
  url = {https://doi.org/10.1007/978-3-642-39634-2_5},
  year = {2013},
  publisher = {Springer Berlin Heidelberg},
  pages = {19--34},
  author = {Assia Mahboubi and Enrico Tassi},
  title = {Canonical Structures for the Working Coq User},
  booktitle = {Interactive Theorem Proving}
}
@article{Benton2011,
  doi = {10.1007/s10817-011-9219-0},
  url = {https://doi.org/10.1007/s10817-011-9219-0},
  year = {2011},
  month = mar,
  publisher = {Springer Science and Business Media {LLC}},
  volume = {49},
  number = {2},
  pages = {141--159},
  author = {Nick Benton and Chung-Kil Hur and Andrew J. Kennedy and Conor McBride},
  title = {Strongly Typed Term Representations in Coq},
  journal = {Journal of Automated Reasoning}
}
@incollection{Aydemir2005,
  doi = {10.1007/11541868_4},
  url = {https://doi.org/10.1007/11541868_4},
  year = {2005},
  publisher = {Springer Berlin Heidelberg},
  pages = {50--65},
  author = {Brian E. Aydemir and Aaron Bohannon and Matthew Fairbairn and J. Nathan Foster and Benjamin C. Pierce and Peter Sewell and Dimitrios Vytiniotis and Geoffrey Washburn and Stephanie Weirich and Steve Zdancewic},
  title = {Mechanized Metatheory for the Masses: The {PoplMark} Challenge},
  booktitle = {Lecture Notes in Computer Science}
}
@incollection{Sozeau2006,
  doi = {10.1007/978-3-540-74464-1_16},
  url = {https://doi.org/10.1007/978-3-540-74464-1_16},
  publisher = {Springer Berlin Heidelberg},
  pages = {237--252},
  author = {Matthieu Sozeau},
  title = {Subset Coercions in Coq},
  booktitle = {Lecture Notes in Computer Science}
}
@article{Sozeau2007,
  author = {Sozeau, Matthieu},
  title = {Program-Ing Finger Trees in Coq},
  year = {2007},
  issue_date = {October 2007},
  publisher = {Association for Computing Machinery},
  address = {New York, NY, USA},
  volume = {42},
  number = {9},
  issn = {0362-1340},
  url = {https://doi.org/10.1145/1291220.1291156},
  doi = {10.1145/1291220.1291156},
  journal = {SIGPLAN Not.},
  month = oct,
  pages = {13–24},
  numpages = {12},
  keywords = {finger trees, C<scp>oq</scp>, dependent types, certification}
}
@article{Sozeau2019,
  doi = {10.1145/3341690},
  url = {https://doi.org/10.1145/3341690},
  year = {2019},
  month = jul,
  publisher = {Association for Computing Machinery ({ACM})},
  volume = {3},
  number = {{ICFP}},
  pages = {1--29},
  author = {Matthieu Sozeau and Cyprien Mangin},
  title = {Equations reloaded: high-level dependently-typed functional programming and proving in Coq},
  journal = {Proceedings of the {ACM} on Programming Languages}
}
@misc{skorstengaard2019introduction,
    title={An Introduction to Logical Relations},
    author={Lau Skorstengaard},
    year={2019},
    eprint={1907.11133},
    archivePrefix={arXiv},
    primaryClass={cs.PL}
}
@misc{barthe2020versatility,
    title={On the Versatility of Open Logical Relations: Continuity, Automatic Differentiation, and a Containment Theorem},
    author={Gilles Barthe and Raphaëlle Crubillé and Ugo Dal Lago and Francesco Gavazzo},
    year={2020},
    eprint={2002.08489},
    archivePrefix={arXiv},
    primaryClass={cs.PL}
}
@article{Scott1977,
author = {Scott, Dana},
year = {1977},
month = {01},
pages = {},
title = {Outline of a Mathematical Theory of Computation},
volume = {14},
journal = {Kiberneticheskij Sbornik. Novaya Seriya}
}
@book{ChlipalaCPDT,
  author = {Chlipala, Adam},
  title = {Certified Programming with Dependent Types: A Pragmatic Introduction to the Coq Proof Assistant},
  year = {2013},
  isbn = {0262026651},
  publisher = {The MIT Press}
}
@article{poplmark_reloaded,
 title =	 {POPLMark reloaded: Mechanizing proofs by logical
                  relations},
 volume =	 29,
 DOI =		 {10.1017/S0956796819000170},
 journal =	 {Journal of Functional Programming},
 publisher =	 {Cambridge University Press},
 author =	 {Abel, Andreas and Allais, Guillaume and Hameer,
                  Aliya and Pientka, Brigitte and Momigliano, Alberto
                  and Schäfer, Steven and Stark, Kathrin},
  year =	 2019,
  pages =	 {e19}
}
@article{Tait1967,
  title={Intensional Interpretations of Functionals of Finite Type I},
  author={William W. Tait},
  journal={J. Symb. Log.},
  year={1967},
  volume={32},
  pages={198-212}
}