@misc{huot2020correctness,
  title={Correctness of Automatic Differentiation via Diffeologies and Categorical Gluing},
  author={Mathieu Huot and Sam Staton and Matthijs Vákár},
  year={2020},
  eprint={2001.02209},
  archivePrefix={arXiv},
  primaryClass={cs.PL}
}
@incollection{Sozeau2010,
  doi = {10.1007/978-3-642-14052-5_29},
  url = {https://doi.org/10.1007/978-3-642-14052-5_29},
  year = {2010},
  publisher = {Springer Berlin Heidelberg},
  pages = {419--434},
  author = {Matthieu Sozeau},
  title = {Equations: A Dependent Pattern-Matching Compiler},
  booktitle = {Interactive Theorem Proving}
}
@article{Baydin2015AutomaticDI,
  title={Automatic Differentiation in Machine Learning: a Survey},
  author={Atilim Gunes Baydin and Barak A. Pearlmutter and Alexey Radul and Jeffrey Mark Siskind},
  journal={J. Mach. Learn. Res.},
  year={2015},
  volume={18},
  pages={153:1-153:43}
}
@article{Coquand1988,
  doi = {10.1016/0890-5401(88)90005-3},
  url = {https://doi.org/10.1016/0890-5401(88)90005-3},
  year = {1988},
  month = feb,
  publisher = {Elsevier {BV}},
  volume = {76},
  number = {2-3},
  pages = {95--120},
  author = {Thierry Coquand and G{\'{e}}rard Huet},
  title = {The calculus of constructions},
  journal = {Information and Computation}
}
@article{Hinze2004,
  doi = {10.1016/j.scico.2003.07.001},
  url = {https://doi.org/10.1016/j.scico.2003.07.001},
  year = {2004},
  month = may,
  publisher = {Elsevier {BV}},
  volume = {51},
  number = {1-2},
  pages = {117--151},
  author = {Ralf Hinze and Johan Jeuring and Andres L\"{o}h},
  title = {Type-indexed data types},
  journal = {Science of Computer Programming}
}
@InProceedings{10.1007/3-540-52335-9_47,
  author="Coquand, Thierry and Paulin, Christine",
  editor="Martin-L{\"o}f, Per and Mints, Grigori",
  title="Inductively defined types",
  booktitle="COLOG-88",
  year="1990",
  publisher="Springer Berlin Heidelberg",
  address="Berlin, Heidelberg",
  pages="50--66",
  isbn="978-3-540-46963-6"
}
@incollection{Coquand1990,
  doi = {10.1007/3-540-52335-9_47},
  url = {https://doi.org/10.1007/3-540-52335-9_47},
  year = {1990},
  publisher = {Springer Berlin Heidelberg},
  pages = {50--66},
  author = {Thierry Coquand and Christine Paulin},
  title = {Inductively defined types},
  booktitle = {{COLOG}-88}
}
@incollection{Sozeau2008,
  doi = {10.1007/978-3-540-71067-7_23},
  url = {https://doi.org/10.1007/978-3-540-71067-7_23},
  year = {2008},
  publisher = {Springer Berlin Heidelberg},
  pages = {278--293},
  author = {Matthieu Sozeau and Nicolas Oury},
  title = {First-Class Type Classes},
  booktitle = {Lecture Notes in Computer Science}
}
@incollection{Mahboubi2013,
  doi = {10.1007/978-3-642-39634-2_5},
  url = {https://doi.org/10.1007/978-3-642-39634-2_5},
  year = {2013},
  publisher = {Springer Berlin Heidelberg},
  pages = {19--34},
  author = {Assia Mahboubi and Enrico Tassi},
  title = {Canonical Structures for the Working \<Coq> User},
  booktitle = {Interactive Theorem Proving}
}
@article{Benton2011,
  doi = {10.1007/s10817-011-9219-0},
  url = {https://doi.org/10.1007/s10817-011-9219-0},
  year = {2011},
  month = mar,
  publisher = {Springer Science and Business Media {LLC}},
  volume = {49},
  number = {2},
  pages = {141--159},
  author = {Nick Benton and Chung-Kil Hur and Andrew J. Kennedy and Conor McBride},
  title = {Strongly Typed Term Representations in Coq},
  journal = {Journal of Automated Reasoning}
}
@incollection{Aydemir2005,
  doi = {10.1007/11541868_4},
  url = {https://doi.org/10.1007/11541868_4},
  year = {2005},
  publisher = {Springer Berlin Heidelberg},
  pages = {50--65},
  author = {Brian E. Aydemir and Aaron Bohannon and Matthew Fairbairn and J. Nathan Foster and Benjamin C. Pierce and Peter Sewell and Dimitrios Vytiniotis and Geoffrey Washburn and Stephanie Weirich and Steve Zdancewic},
  title = {Mechanized Metatheory for the Masses: The {PoplMark} Challenge},
  booktitle = {Lecture Notes in Computer Science}
}
@incollection{Sozeau2006,
  doi = {10.1007/978-3-540-74464-1_16},
  url = {https://doi.org/10.1007/978-3-540-74464-1_16},
  publisher = {Springer Berlin Heidelberg},
  pages = {237--252},
  author = {Matthieu Sozeau},
  title = {Subset Coercions in Coq},
  booktitle = {Lecture Notes in Computer Science}
}
@article{Sozeau2007,
  author = {Sozeau, Matthieu},
  title = {Program-Ing Finger Trees in Coq},
  year = {2007},
  issue_date = {October 2007},
  publisher = {Association for Computing Machinery},
  address = {New York, NY, USA},
  volume = {42},
  number = {9},
  issn = {0362-1340},
  url = {https://doi.org/10.1145/1291220.1291156},
  doi = {10.1145/1291220.1291156},
  journal = {SIGPLAN Not.},
  month = oct,
  pages = {13–24},
  numpages = {12},
  keywords = {finger trees, C<scp>oq</scp>, dependent types, certification}
}
@article{Sozeau2019,
  doi = {10.1145/3341690},
  url = {https://doi.org/10.1145/3341690},
  year = {2019},
  month = jul,
  publisher = {Association for Computing Machinery ({ACM})},
  volume = {3},
  number = {{ICFP}},
  pages = {1--29},
  author = {Matthieu Sozeau and Cyprien Mangin},
  title = {Equations reloaded: high-level dependently-typed functional programming and proving in Coq},
  journal = {Proceedings of the {ACM} on Programming Languages}
}
@misc{skorstengaard2019introduction,
    title={An Introduction to Logical Relations},
    author={Lau Skorstengaard},
    year={2019},
    eprint={1907.11133},
    archivePrefix={arXiv},
    primaryClass={cs.PL}
}
@misc{barthe2020versatility,
    title={On the Versatility of Open Logical Relations: Continuity, Automatic Differentiation, and a Containment Theorem},
    author={Gilles Barthe and Raphaëlle Crubillé and Ugo Dal Lago and Francesco Gavazzo},
    year={2020},
    eprint={2002.08489},
    archivePrefix={arXiv},
    primaryClass={cs.PL}
}
@article{Scott1977,
author = {Scott, Dana},
year = {1977},
month = {01},
pages = {},
title = {Outline of a Mathematical Theory of Computation},
volume = {14},
journal = {Kiberneticheskij Sbornik. Novaya Seriya}
}
@book{ChlipalaCPDT,
  author = {Chlipala, Adam},
  title = {Certified Programming with Dependent Types: A Pragmatic Introduction to the \<Coq> Proof Assistant},
  year = {2013},
  isbn = {0262026651},
  publisher = {The MIT Press}
}
@article{poplmark_reloaded,
 title =	 {POPLMark reloaded: Mechanizing proofs by logical
                  relations},
 volume =	 29,
 DOI =		 {10.1017/S0956796819000170},
 journal =	 {Journal of Functional Programming},
 publisher =	 {Cambridge University Press},
 author =	 {Abel, Andreas and Allais, Guillaume and Hameer,
                  Aliya and Pientka, Brigitte and Momigliano, Alberto
                  and Schäfer, Steven and Stark, Kathrin},
  year =	 2019,
  pages =	 {e19}
}
@article{Tait1967,
  title={Intensional Interpretations of Functionals of Finite Type I},
  author={William W. Tait},
  journal={J. Symb. Log.},
  year={1967},
  volume={32},
  pages={198-212}
}
@Book{plfa2019,
  author = {Philip Wadler and Wen Kokke},
  title  = {Programming Language Foundations in {A}gda},
  note   = {Available at \url{http://plfa.inf.ed.ac.uk/}},
  year   = 2019,
}
@article{aaby2020,
author = {Aaby, Anthony},
year = {2020},
month = {04},
pages = {},
title = {Introduction to programming languages},
volume = {3},
journal = {Syntax Imperative Programming Concurrent Programming Object-Oriented Programming Evaluation}
}
@book{Pierce:SF2,
  author = {Benjamin C. Pierce and Arthur Azevedo de Amorim
                  and Chris Casinghino and Marco Gaboardi and
                  Michael Greenberg and C\v{a}t\v{a}lin Hri\c{t}cu
                  and Vilhelm Sj\"{o}berg and Andrew Tolmach
                  and Brent Yorgey},
  title = {Programming Language Foundations},
  series = {Software Foundations series, volume 2},
  month = may,
  year = {2018},
  publisher = {Electronic textbook},
  plclub = {Yes},
  bcp = {Yes},
  keys = {verification,books},
  ebook = {http://www.cis.upenn.edu/~bcpierce/sf},
  japanese = {http://proofcafe.org/sf},
  chapter = {Stlc}
}
@article{Poulsen2017,
author = {Bach Poulsen, Casper and Rouvoet, Arjen and Tolmach, Andrew and Krebbers, Robbert and Visser, Eelco},
title = {Intrinsically-Typed Definitional Interpreters for Imperative Languages},
year = {2017},
issue_date = {January 2018},
publisher = {Association for Computing Machinery},
address = {New York, NY, USA},
volume = {2},
number = {POPL},
url = {https://doi.org/10.1145/3158104},
doi = {10.1145/3158104},
journal = {Proc. ACM Program. Lang.},
month = dec,
articleno = {Article 16},
numpages = {34},
keywords = {mechanized semantics, dependent types, scope graphs, type safety, Agda, Java, definitional interpreters}
}
@article{chakravarty2004347,
title = "A Functional Perspective on SSA Optimisation Algorithms",
journal = "Electronic Notes in Theoretical Computer Science",
volume = "82",
number = "2",
pages = "347 - 361",
year = "2004",
note = "COCV'03, Compiler Optimization Meets Compiler Verification",
issn = "1571-0661",
doi = "https://doi.org/10.1016/S1571-0661(05)82596-4",
url = "http://www.sciencedirect.com/science/article/pii/S1571066105825964",
author = "Manuel M.T. Chakravarty and Gabriele Keller and Patryk Zadarnowski",
}
@article{Pop2006,
  author = {Pop, Sebastian},
  year = {2006},
  month = {12},
  title = {The SSA Representation Framework: Semantics, Analyses and GCC Implementation}
}
@inproceedings{Altenkirch99,
  author = {Altenkirch, Thorsten and Reus, Bernhard},
  title = {Monadic Presentations of Lambda Terms Using Generalized Inductive Types},
  year = {1999},
  isbn = {3540665366},
  publisher = {Springer-Verlag},
  address = {Berlin, Heidelberg},
  booktitle = {Proceedings of the 13th International Workshop and 8th Annual Conference of the EACSL on Computer Science Logic},
  pages = {453–468},
  numpages = {16},
  series = {CSL ’99}
}
@InProceedings{Adams06,
  author="Adams, Robin",
  editor="Filli{\^a}tre, Jean-Christophe
  and Paulin-Mohring, Christine
  and Werner, Benjamin",
  title="Formalized Metatheory with Terms Represented by an Indexed Family of Types",
  booktitle="Types for Proofs and Programs",
  year="2006",
  publisher="Springer Berlin Heidelberg",
  address="Berlin, Heidelberg",
  pages="1--16",
  isbn="978-3-540-31429-5"
}
@article{McBride04,
  author = {Conor McBride, James McKinna},
  title = {The View from the Left},
  year = {2004},
  issue_date = {January 2004},
  publisher = {Cambridge University Press},
  address = {USA},
  volume = {14},
  number = {1},
  issn = {0956-7968},
  url = {https://doi.org/10.1017/S0956796803004829},
  doi = {10.1017/S0956796803004829},
  journal = {J. Funct. Program.},
  month = jan,
  pages = {69–111},
  numpages = {43}
}
@inproceedings{Benton2009,
  author = {Benton, Nick and Kennedy, Andrew and Varming, Carsten},
  year = {2009},
  month = {08},
  pages = {115-130},
  title = {Some Domain Theory and Denotational Semantics in Coq},
  volume = {5674},
  doi = {10.1007/978-3-642-03359-9_10}
}
@InProceedings{Dockins2014,
author="Dockins, Robert",
editor="Klein, Gerwin
and Gamboa, Ruben",
title="Formalized, Effective Domain Theory in Coq",
booktitle="Interactive Theorem Proving",
year="2014",
publisher="Springer International Publishing",
address="Cham",
pages="209--225",
isbn="978-3-319-08970-6"
}
@article{Boldo2015CoquelicotAU,
  title={Coquelicot: A User-Friendly Library of Real Analysis for Coq},
  author={Sylvie Boldo and Catherine Lelay and Guillaume Melquiond},
  journal={Mathematics in Computer Science},
  year={2015},
  volume={9},
  pages={41-62}
}
@article{Shaikha2019,
  author = {Shaikhha, Amir and Fitzgibbon, Andrew and Vytiniotis, Dimitrios and Jones, Simon},
  year = {2019},
  month = {07},
  pages = {1-30},
  title = {Efficient differentiable programming in a functional array-processing language},
  volume = {3},
  journal = {Proceedings of the ACM on Programming Languages},
  doi = {10.1145/3341701}
}
@InProceedings{Ahmed2006,
author="Ahmed, Amal",
editor="Sestoft, Peter",
title="Step-Indexed Syntactic Logical Relations for Recursive and Quantified Types",
booktitle="Programming Languages and Systems",
year="2006",
publisher="Springer Berlin Heidelberg",
address="Berlin, Heidelberg",
pages="69--83",
isbn="978-3-540-33096-7"
}
@InProceedings{Coquand1994,
  author="Coquand, Thierry
  and Dybjer, Peter",
  editor="Thiagarajan, P. S.",
  title="Inductive definitions and type theory an introduction (preliminary version)",
  booktitle="Foundation of Software Technology and Theoretical Computer Science",
  year="1994",
  publisher="Springer Berlin Heidelberg",
  address="Berlin, Heidelberg",
  pages="60--76",
  abstract="We give a short introduction to Martin-L{\"o}f's Type Theory, seen as a theory of inductive definitions. The first part contains historical remarks that motivate this approach. The second part presents a computational semantics, which explains how proof trees can be represented using the notations of functional programming.",
  isbn="978-3-540-49054-8"
}
@article{ShiftReset:Backprop,
  author = {Wang, Fei and Zheng, Daniel and Decker, James and Wu, Xilun and Essertel, Gr\'{e}gory M. and Rompf, Tiark},
  title = {Demystifying Differentiable Programming: Shift/Reset the Penultimate Backpropagator},
  year = {2019},
  issue_date = {August 2019},
  publisher = {Association for Computing Machinery},
  address = {New York, NY, USA},
  volume = {3},
  number = {ICFP},
  url = {https://doi.org/10.1145/3341700},
  doi = {10.1145/3341700},
  journal = {Proc. ACM Program. Lang.},
  month = jul,
  articleno = {96},
  numpages = {31},
  keywords = {Multi-stage Programming, Automated Differentiation, Differentiable Programming, Delimited Continuations}
}
@article{Brunel2020BackpropagationIT,
  title={Backpropagation in the simply typed lambda-calculus with linear negation},
  author={Alois Brunel and Damiano Mazza and Michele Pagani},
  journal={Proceedings of the ACM on Programming Languages},
  year={2020},
  volume={4},
  pages={1 - 27}
}
@InProceedings{Mayero:CorrectnessProofAD,
  author="Mayero, Micaela",
  editor="Carre{\~{n}}o, Victor A.
  and Mu{\~{n}}oz, C{\'e}sar A.
  and Tahar, Sofi{\`e}ne",
  title="Using Theorem Proving for Numerical Analysis Correctness Proof of an Automatic Differentiation Algorithm",
  booktitle="Theorem Proving in Higher Order Logics",
  year="2002",
  publisher="Springer Berlin Heidelberg",
  address="Berlin, Heidelberg",
  pages="246--262",
  isbn="978-3-540-45685-8"
}
@article{PearlmutterSiskind2008,
  author = {Pearlmutter, Barak and Siskind, Jeffrey},
  year = {2008},
  month = {01},
  pages = {},
  title = {Reverse-mode AD in a functional framework: Lambda the ultimate backpropagator},
  volume = {30},
  journal = {ACM Trans. Program. Lang. Syst.}
}
@INPROCEEDINGS{Karczmarczuk98functionaldifferentiation,
    author = {Jerzy Karczmarczuk},
    title = {Functional Differentiation of Computer Programs},
    booktitle = {Higher-Order and Symbolic Computation},
    year = {1998},
    pages = {195--203}
}
@article{Margossian2019ARO,
  title={A Review of automatic differentiation and its efficient implementation},
  author={Charles C. Margossian},
  journal={ArXiv},
  year={2019},
  volume={abs/1811.05031}
}
@inproceedings{Elliott-2017-compiling-to-categories,
  author    = {Conal Elliott},
  title     = {Compiling to categories},
  booktitle = {Proceedings of the ACM on Programming Languages (ICFP)},
  year      = {2017},
  url       = {http://conal.net/papers/compiling-to-categories}
}
@inproceedings{Elliott-2018-ad-icfp,
  author    = {Conal Elliott},
  title     = {The simple essence of automatic differentiation},
  booktitle = {Proceedings of the ACM on Programming Languages (ICFP)},
  year      = {2018},
  url       = {http://conal.net/papers/essence-of-ad/}
}
@InProceedings{10.1007/3-540-15198-2_10,
author="Curien, P-L.",
editor="Ehrig, Hartmut
and Floyd, Christiane
and Nivat, Maurice
and Thatcher, James",
title="Typed categorical combinatory logic",
booktitle="Mathematical Foundations of Software Development",
year="1985",
publisher="Springer Berlin Heidelberg",
address="Berlin, Heidelberg",
pages="157--172",
isbn="978-3-540-39302-3"
}
@misc{vkr2020reverse,
  title={Reverse AD at Higher Types: Pure, Principled and Denotationally Correct},
  author={Matthijs Vákár},
  year={2020},
  eprint={2007.05283},
  archivePrefix={arXiv},
  primaryClass={cs.PL}
}
@misc{vkr2020denotational,
  title={Denotational Correctness of Foward-Mode Automatic Differentiation for Iteration and Recursion},
  author={Matthijs Vákár},
  year={2020},
  eprint={2007.05282},
  archivePrefix={arXiv},
  primaryClass={cs.PL}
}
@InProceedings{10.1007/BFb0014049,
author="Despeyroux, Jo{\"e}lle
and Felty, Amy
and Hirschowitz, Andr{\'e}",
editor="Dezani-Ciancaglini, Mariangiola
and Plotkin, Gordon",
title="Higher-order abstract syntax in Coq",
booktitle="Typed Lambda Calculi and Applications",
year="1995",
publisher="Springer Berlin Heidelberg",
address="Berlin, Heidelberg",
pages="124--138",
isbn="978-3-540-49178-1"
}

@article{10.1145/1411203.1411226,
author = {Chlipala, Adam},
title = {Parametric Higher-Order Abstract Syntax for Mechanized Semantics},
year = {2008},
issue_date = {September 2008},
publisher = {Association for Computing Machinery},
address = {New York, NY, USA},
volume = {43},
number = {9},
issn = {0362-1340},
url = {https://doi.org/10.1145/1411203.1411226},
doi = {10.1145/1411203.1411226},
journal = {SIGPLAN Not.},
month = sep,
pages = {143–156},
numpages = {14},
keywords = {interactive proof assistants, compiler verification, dependent types, type-theoretic semantics}
}
@inproceedings{10.1145/1411204.1411226,
author = {Chlipala, Adam},
title = {Parametric Higher-Order Abstract Syntax for Mechanized Semantics},
year = {2008},
isbn = {9781595939197},
publisher = {Association for Computing Machinery},
address = {New York, NY, USA},
url = {https://doi.org/10.1145/1411204.1411226},
doi = {10.1145/1411204.1411226},
booktitle = {Proceedings of the 13th ACM SIGPLAN International Conference on Functional Programming},
pages = {143–156},
numpages = {14},
keywords = {type-theoretic semantics, compiler verification, interactive proof assistants, dependent types},
location = {Victoria, BC, Canada},
series = {ICFP ’08}
}
@article{McKinna_Pollack_1997,
  title={Some Lambda Calculus and Type Theory Formalized},
  volume={4},
  url={https://tidsskrift.dk/brics/article/view/19272},
  DOI={10.7146/brics.v4i51.19272},
  number={51},
  journal={BRICS Report Series},
  author={McKinna,
  James and Pollack,
  Robert},
  year={1997},
  month={6}
}

@inproceedings{10.1007/3-540-57826-9_152,
author="Gordon, Andrew D.",
editor="Joyce, Jeffrey J.
and Seger, Carl-Johan H.",
title="A mechanisation of name-carrying syntax up to alpha-conversion",
booktitle="Higher Order Logic Theorem Proving and Its Applications",
year="1994",
publisher="Springer Berlin Heidelberg",
address="Berlin, Heidelberg",
pages="413--425",
isbn="978-3-540-48346-5"
}
@inproceedings{10.1145/1017472.1017477,
author = {McBride, Conor and McKinna, James},
title = {Functional Pearl: I Am Not a Number--i Am a Free Variable},
year = {2004},
isbn = {1581138504},
publisher = {Association for Computing Machinery},
address = {New York, NY, USA},
url = {https://doi.org/10.1145/1017472.1017477},
doi = {10.1145/1017472.1017477},
booktitle = {Proceedings of the 2004 ACM SIGPLAN Workshop on Haskell},
pages = {1–9},
numpages = {9},
keywords = {de Bruijn representation, bound variables, fresh names, implementing epigram, haskell, abstract syntax, induction principles, free variables},
location = {Snowbird, Utah, USA},
series = {Haskell ’04}
}
@article{10.1145/355586.364791,
author = {Wengert, R. E.},
title = {A Simple Automatic Derivative Evaluation Program},
year = {1964},
issue_date = {Aug. 1964},
publisher = {Association for Computing Machinery},
address = {New York, NY, USA},
volume = {7},
number = {8},
issn = {0001-0782},
url = {https://doi.org/10.1145/355586.364791},
doi = {10.1145/355586.364791},
journal = {Commun. ACM},
month = aug,
pages = {463–464},
numpages = {2}
}
@misc{KarczmarczukLazyTimeReversal,
  author = {Karczmarczuk, Jerzy},
  year = {2000},
  title = {Lazy time reversal, and automatic differentiation},
  url = {https://karczmarczuk.users.greyc.fr/arpap/revpearl.pdf}
}
@inproceedings{Mark2008NestingFA,
  title={Nesting forward-mode AD in a functional framework},
  author={SiskindJeffrey Mark and A PearlmutterBarak},
  year={2008}
}
@InProceedings{Elliott2009-beautiful-differentiation,
  author    = {Conal Elliott},
  title     = {Beautiful differentiation},
  booktitle = "International Conference on Functional Programming (ICFP)",
  year      = 2009,
  url       = {http://conal.net/papers/beautiful-differentiation},
}
@article{10.1145/3371106,
  author = {Abadi, Mart\'{\i}n and Plotkin, Gordon D.},
  title = {A Simple Differentiable Programming Language},
  year = {2019},
  issue_date = {January 2020},
  publisher = {Association for Computing Machinery},
  address = {New York, NY, USA},
  volume = {4},
  number = {POPL},
  url = {https://doi.org/10.1145/3371106},
  doi = {10.1145/3371106},
  journal = {Proc. ACM Program. Lang.},
  month = dec,
  articleno = {38},
  numpages = {28},
  keywords = {differentiable programming, automatic differentiation}
}
@inproceedings{10.1145/165180.165214,
  author = {Gill, Andrew and Launchbury, John and Peyton Jones, Simon L.},
  title = {A Short Cut to Deforestation},
  year = {1993},
  isbn = {089791595X},
  publisher = {Association for Computing Machinery},
  address = {New York, NY, USA},
  url = {https://doi.org/10.1145/165180.165214},
  doi = {10.1145/165180.165214},
  booktitle = {Proceedings of the Conference on Functional Programming Languages and Computer Architecture},
  pages = {223–232},
  numpages = {10},
  location = {Copenhagen, Denmark},
  series = {FPCA ’93}
}
